2254 3159
734 337 918 362 INSULARUM
937 337 1159 362 MADERENSIUM
1596 323 1640 362 41

338 413 461 446 Habitat
480 412 622 455 frequens
646 413 685 446 ad
704 413 821 446 insulae
839 413 980 446 Maderae
998 413 1111 446 herbas
1134 413 1164 445 in
1187 413 1401 446 Promontorio
1422 413 1452 445 S.
1474 414 1645 453 Lourenco,

250 467 280 499 in
300 466 397 498 insula
417 467 542 499 Deserta
562 466 711 499 Australi:
732 466 856 504 fossilis,
877 470 973 499 testae
992 466 1201 508 magnitudine
1221 466 1375 503 variabbs,
1392 466 1422 498 in
1442 474 1532 498 arena
1552 466 1645 498 calca-

252 528 303 552 rea
324 519 519 552 Canicalensi.

338 572 450 605 Variat.
474 572 598 609 adsunt3
626 587 642 603 κ
663 573 921 608 Portosanctamz,
943 572 1080 613 undique
1102 572 1387 613 granuloso-scabra
1409 575 1553 613 apertura
1576 571 1647 604 sub-

251 625 400 660 circulari‚
418 625 562 658 umbilico
582 629 687 666 aperto
707 634 762 658 nec
781 626 902 662 rimato,
919 625 957 657 ad
977 625 1128 657 montium
1147 625 1265 657 insulae
1283 625 1473 657 Portosancti
1494 625 1582 657 basin
1601 633 1648 657 re-

251 686 338 716 censg
360 678 473 710 fossilis
492 678 521 710 in
541 678 679 710 Ze'mbral
698 677 821 710 d’Arest.

340 731 360 772 β
376 732 508 772 pusilla,
527 731 672 763 umbilico
692 731 854 772 apertiore,
877 730 981 772 spirali
1000 738 1056 762 nee
1074 730 1270 768 rimaeformi,
1292 734 1356 763 tota
1378 730 1441 763 fere
1460 730 1647 771 egranulata‚

252 783 365 816 fossilis
385 784 414 815 in
434 793 524 816 arena
544 784 678 816 calcarea
697 783 835 815 Ze'mbral
854 783 977 815 [ΓΑνέα.

339 849 358 879 y
376 837 489 877 major,
515 836 847 877 conoideo-globulosa,
870 837 956 877 apice
975 835 1183 877 sublaevigata
1203 845 1230 867 v,
1255 836 1441 877 egranulata‚
1464 835 1574 868 fossilis
1595 835 1650 868 fre-

253 898 350 930 quens
370 890 408 922 ad
427 890 563 921 Zsmbral
582 888 705 920 d'Are‘a.

340 942 414 974 Obs.
441 942 645 974 H.-consortis
664 943 757 974 Lowe
777 950 839 973 var.
861 941 969 983 majori
995 944 1040 973 sat
1062 941 1176 979 affinis3
1198 941 1334 973 anfractu
1356 945 1455 974 tamen
1480 941 1588 974 ultimo
1612 941 1650 973 ad

253 998 428 1036 aperturam
448 1004 509 1026 non
528 995 685 1031 ochraceo,
706 995 904 1036 peristomate
924 994 1128 1027 subcontinuo
1148 994 1355 1035 distinguitur.

342 1048 415 1080 Obs.
436 1048 499 1080 Etsi
523 1048 639 1080 clariss.
666 1049 797 1080 Loweus
821 1051 929 1080 testam
954 1047 1185 1088 subglobosam,
1209 1047 1529 1088 rimato-perforatam,
1555 1055 1648 1088 supra

255 1101 461 1142 grossiuscule
479 1101 610 1142 sparsim
625 1101 823 1141 granulatffln,
841 1101 951 1132 subtus
966 1100 1175 1141 egranulatam
1190 1100 1301 1141 speciei
1316 1100 1574 1133 characteristicas
1590 1100 1649 1132 suf-

254 1154 451 1195 ficientesque
470 1157 557 1186 notas
576 1154 696 1191 habeat,
714 1154 829 1186 clariss.
843 1153 1023 1186 Wollastoni
1040 1153 1083 1194 (jin
1099 1153 1169 1193 litt.)
1185 1157 1310 1185 secutus
1328 1153 1504 1194 opinionem
1521 1162 1649 1194 meaque

256 1207 468 1239 observatione
489 1207 609 1238 innixus
629 1207 763 1247 speciem
779 1206 937 1239 confusam
957 1210 985 1238 et
1007 1206 1132 1238 dubiam
1149 1215 1217 1238 esse
1233 1206 1336 1243 credo,
1353 1206 1436 1247 quod
1452 1215 1522 1238 curn
1538 1205 1650 1238 H.-cal-

255 1260 324 1292 culo
350 1263 380 1292 et
404 1260 591 1301 H.-abjectae
615 1261 706 1292 Lowe
730 1259 875 1292 varietate
898 1260 1017 1300 majore
1042 1268 1132 1300 saepe
1160 1259 1366 1297 confunditur,
1390 1262 1424 1291 ut
1448 1259 1649 1291 discriminari

255 1316 395 1355 nequeat.

342 1366 464 1407 Species
484 1366 527 1398 sic
546 1366 624 1398 dicta
645 1366 727 1407 quod
748 1369 824 1398 testa
844 1365 932 1398 valde
953 1365 1061 1403 solida,
1083 1365 1170 1407 quasi
1191 1369 1359 1406 compacta.

343 1419 461 1451 Primus
481 1419 596 1451 clariss.
621 1414 710 1451 Rev.⁴¹
729 1420 860 1451 Loweus
880 1419 1003 1450 invenit.

760 1525 811 1556 34.
834 1526 907 1556 Helix
928 1526 1024 1559 Pittac,
1045 1525 1144 1557 Pati-a.

807 1604 891 1641 (Tab.
917 1605 970 1640 l.³q
993 1604 1044 1644 fig.
1067 1605 1099 1643 3)

343 1685 432 1717 Testa
451 1684 614 1725 perforata,
632 1684 760 1725 globoso
779 1693 803 1715 s.
821 1684 1118 1717 rotundato-conica.
1136 1693 1261 1725 rugosa,
1278 1693 1398 1725 aspera,
1417 1685 1652 1726 cinereo-plum-

257 1738 324 1774 bea,
346 1738 480 1779 granulis
500 1737 764 1778 depressinsculis,
787 1737 930 1768 confertis
950 1745 1093 1777 aspersa:
1116 1737 1198 1777 spira
1222 1746 1366 1773 convexa,
1388 1737 1580 1775 elatiuseula;
1602 1747 1652 1770 su-

258 1795 326 1824 tura
351 1791 512 1831 impressa:
539 1790 705 1831 perforatio
730 1789 995 1830 subtriangularis,
1017 1789 1154 1830 spiratis:
1181 1790 1333 1822 anfractus
1357 1791 1375 1821 6
1390 1789 1425 1832 ¹ſs2
1451 1791 1587 1827 convexi,
1609 1791 1654 1822 ul-

257 1844 349 1876 timus
369 1844 509 1876 distincte
524 1843 633 1884 maior,
651 1843 786 1875 obsolete
802 1843 965 1879 carinatus,
982 1843 1068 1883 quasi
1088 1843 1272 1883 pulvinatus‚
1289 1843 1354 1875 basi
1376 1843 1526 1885 turgidus,
1544 1844 1654 1876 rimam

257 1896 369 1937 partim
393 1900 559 1932 coarctans,
586 1896 682 1928 antice
706 1896 839 1928 breviter
863 1895 1067 1933 descendens3
1095 1899 1237 1936 apertura
1262 1896 1547 1937 lunato-angularis:
1574 1897 1654 1937 peri-

259 1952 356 1981 stoma
383 1958 530 1985 crassum,
557 1948 703 1985 albidum,
733 1948 951 1984 subressexuin,
976 1948 1166 1989 marginibus
1193 1949 1331 1986 remotis,
1358 1949 1433 1981 callo
1459 1950 1652 1986 tenuissimo,

258 2002 480 2042 procumbente
500 2001 964 2043 subapproximatis.—Aniinal
984 2000 1076 2033 hodie
1095 2001 1259 2034 observare
1278 2011 1338 2034 non
1358 2002 1450 2034 licuit.

346 2054 443 2087 Diam.
466 2055 496 2091 5,
545 2055 594 2086 alt.
619 2053 687 2096 Usa
707 2054 782 2086 mill.

402 2161 489 2193 Helix
508 2160 616 2198 Pittae,
638 2161 742 2192 Journ.
765 2160 803 2193 (le
823 2160 935 2192 Conch.
957 2161 1095 2201 (Crosse)
1115 2165 1173 2193 oct.
1199 2161 1280 2193 1866
1301 2161 1364 2202 (fig.
1387 2161 1515 2202 optima)

348 2266 470 2299 Habitat
488 2266 643 2298 rarissima
663 2266 692 2298 in
712 2266 888 2307 praeruptis
908 2266 1035 2299 excelsis
1055 2266 1171 2299 insulae
1187 2268 1334 2299 Desertae
1353 2267 1515 2305 Australis,
1532 2268 1569 2300 ad
1589 2267 1657 2300 her-

264 2320 373 2352 barum
393 2319 511 2351 radices
530 2319 661 2351 latitans.

349 2372 423 2405 Obs.
446 2374 674 2413 H.-compactae
695 2373 786 2404 Lowe
811 2376 856 2404 sat
875 2372 987 2410 affinis:
1011 2376 1107 2405 testae
1132 2373 1254 2405 diverso
1277 2373 1388 2411 colore,
1410 2373 1475 2406 basi
1499 2374 1656 2414 laevigata,

262 2425 452 2458 anfractuum
471 2425 554 2457 striis
573 2425 775 2462 tenuioribus,
796 2424 1000 2466 perforatione
1019 2425 1149 2463 obtecta,
1172 2430 1314 2467 apertura
1334 2427 1495 2468 ampliore,
1517 2426 1656 2467 angulata

261 2477 470 2520 distinguitur.

1467 2533 1486 2564 6
